<record><leader>00000cas a2200000 a 4500</leader><controlfield tag="001">9974394</controlfield><controlfield tag="008">831003d18561882miudn ne      0    0eng  </controlfield><datafield ind1=" " ind2=" " tag="010"><subfield code="a">sn 83016670 </subfield></datafield><datafield ind1=" " ind2=" " tag="040"><subfield code="a">DLC</subfield><subfield code="b">eng</subfield><subfield code="c">DLC</subfield><subfield code="d">NPU</subfield><subfield code="d">NPX</subfield><subfield code="d">NVK</subfield><subfield code="d">CNK</subfield><subfield code="d">MHN</subfield><subfield code="d">OCL</subfield><subfield code="d">KRTAS</subfield><subfield code="d">OCLCQ</subfield><subfield code="d">OCLCO</subfield><subfield code="d">OCLCF</subfield></datafield><datafield ind1="1" ind2=" " tag="029"><subfield code="a">AU@</subfield><subfield code="b">000020225851</subfield></datafield><datafield ind1=" " ind2=" " tag="042"><subfield code="a">pcc</subfield></datafield><datafield ind1=" " ind2=" " tag="043"><subfield code="a">n-us-mi</subfield></datafield><datafield ind1="0" ind2="0" tag="050"><subfield code="a">Newspaper 8427</subfield></datafield><datafield ind1="0" ind2="0" tag="245"><subfield code="a">Grand Rapids daily eagle.</subfield></datafield><datafield ind1="1" ind2="7" tag="246"><subfield code="a">Grand Rapids eagle</subfield></datafield><datafield ind1=" " ind2=" " tag="260"><subfield code="a">Grand Rapids, Mich. :</subfield><subfield code="b">A.B. Turner</subfield></datafield><datafield ind1=" " ind2=" " tag="300"><subfield code="a">v. ;</subfield><subfield code="c">71 cm.</subfield></datafield><datafield ind1=" " ind2=" " tag="310"><subfield code="a">Daily (except Sun.)</subfield></datafield><datafield ind1="0" ind2=" " tag="362"><subfield code="a">Vol. 1, no. 1 (May 26, 1856)-v. 26, no. 213 (Feb. 1, 1882).</subfield></datafield><datafield ind1=" " ind2=" " tag="500"><subfield code="a">Publishers: A.B. Turner, &lt;1866&gt;; A.B. Turner &amp; Co., &lt;1868-1876&gt;.</subfield></datafield><datafield ind1=" " ind2=" " tag="515"><subfield code="a">Suspended Jan. 7-Feb. 22, 1864. Cf. Gregory, W. Amer. newspapers.</subfield></datafield><datafield ind1=" " ind2=" " tag="580"><subfield code="a">Weekly ed.: Grand Rapids eagle (Grand Rapids, Mich. : Weekly).</subfield></datafield><datafield ind1=" " ind2="0" tag="651"><subfield code="a">Grand Rapids (Mich.)</subfield><subfield code="v">Newspapers.</subfield></datafield><datafield ind1=" " ind2="0" tag="651"><subfield code="a">Kent County (Mich.)</subfield><subfield code="v">Newspapers.</subfield></datafield><datafield ind1=" " ind2="7" tag="655"><subfield code="a">Newspapers.</subfield><subfield code="2">fast</subfield><subfield code="0">(OCoLC)fst01423814</subfield></datafield><datafield ind1=" " ind2="7" tag="651"><subfield code="a">Michigan</subfield><subfield code="z">Grand Rapids.</subfield><subfield code="2">fast</subfield><subfield code="0">(OCoLC)fst01206920</subfield></datafield><datafield ind1=" " ind2="7" tag="651"><subfield code="a">Michigan</subfield><subfield code="z">Kent County.</subfield><subfield code="2">fast</subfield><subfield code="0">(OCoLC)fst01202912</subfield></datafield><datafield ind1=" " ind2=" " tag="752"><subfield code="a">United States</subfield><subfield code="b">Michigan</subfield><subfield code="c">Kent</subfield><subfield code="d">Grand Rapids.</subfield></datafield><datafield ind1="1" ind2=" " tag="775"><subfield code="t">Grand Rapids eagle (Grand Rapids, Mich. : Weekly)</subfield><subfield code="w">(DLC)sn 85033625</subfield><subfield code="w">(OCoLC)12115852</subfield></datafield><datafield ind1="0" ind2="0" tag="785"><subfield code="t">Grand Rapids eagle (Grand Rapids, Mich. : Daily)</subfield><subfield code="w">(DLC)sn 96076985</subfield><subfield code="w">(OCoLC)35251192</subfield></datafield><datafield ind1=" " ind2=" " tag="938"><subfield code="a">Kirtas Technologies, Inc.</subfield><subfield code="b">KRTS</subfield><subfield code="n">737515</subfield></datafield></record>